<?xml version="1.0" encoding="UTF-8"?><collection xmlns="http://www.loc.gov/MARC21/slim"><record><leader>00365nam--2200133-i-4500</leader><controlfield tag="001">000047080</controlfield><controlfield tag="002">20161230</controlfield><controlfield tag="005">20161230201046</controlfield><controlfield tag="008">060222s1000------------r-----000-0-eng-d</controlfield><datafield ind1=" " ind2=" " tag="080"><subfield code="a">539.142:539.143:54</subfield></datafield><datafield ind1=" " ind2=" " tag="100"><subfield code="a">Wheatley, P. J</subfield></datafield><datafield ind1=" " ind2=" " tag="245"><subfield code="a">The chemical consequences of nuclear spin</subfield></datafield><datafield ind1=" " ind2=" " tag="260"><subfield code="a">Amsterdam, North-holland Publ.Comp.,1970. 192 P.+ Fig</subfield></datafield><datafield ind1=" " ind2=" " tag="852"><subfield code="a">33840</subfield></datafield></record></collection>